<mx:record xmlns="http://www.w3.org/TR/xhtml1/strict" xmlns:mx="http://www.loc.gov/MARC21/slim" xmlns:xsi="http://www.w3.org/2001/XMLSchema-instance"><mx:leader>00000cz   2200000n  4500</mx:leader><mx:controlfield tag="001">oca01258400 </mx:controlfield><mx:controlfield tag="005">20040331125835.0</mx:controlfield><mx:controlfield tag="008">850204n| acannaabn          |a aaa     c</mx:controlfield><mx:datafield ind1=" " ind2=" " tag="010"><mx:subfield code="a">n  84134395 </mx:subfield></mx:datafield><mx:datafield ind1=" " ind2=" " tag="040"><mx:subfield code="a">InU</mx:subfield><mx:subfield code="b">eng</mx:subfield><mx:subfield code="c">DLC</mx:subfield><mx:subfield code="d">DLC</mx:subfield><mx:subfield code="d">OCoLC</mx:subfield></mx:datafield><mx:datafield ind1="1" ind2=" " tag="100"><mx:subfield code="a">Hirtius, Aulus.</mx:subfield></mx:datafield><mx:datafield ind1="1" ind2=" " tag="400"><mx:subfield code="a">Hircius, A.</mx:subfield><mx:subfield code="q">(Aulus)</mx:subfield></mx:datafield><mx:datafield ind1="1" ind2=" " tag="400"><mx:subfield code="a">Hirtius, A.</mx:subfield><mx:subfield code="q">(Aulus)</mx:subfield></mx:datafield><mx:datafield ind1="1" ind2=" " tag="400"><mx:subfield code="a">Hirtius Pansa, A.</mx:subfield><mx:subfield code="q">(Aulus)</mx:subfield></mx:datafield><mx:datafield ind1="1" ind2=" " tag="400"><mx:subfield code="a">Pansa, A. Hirtius</mx:subfield><mx:subfield code="q">(Aulus Hirtius)</mx:subfield></mx:datafield><mx:datafield ind1="0" ind2=" " tag="400"><mx:subfield code="a">Pseudo-Cesare</mx:subfield></mx:datafield><mx:datafield ind1=" " ind2=" " tag="670"><mx:subfield code="a">Caesar, J. Commentaries of his wars in Gaul, 1732:</mx:subfield><mx:subfield code="b">t.p. (Aulus Hirtius)</mx:subfield></mx:datafield><mx:datafield ind1=" " ind2=" " tag="670"><mx:subfield code="a">InU/Wing STC files</mx:subfield><mx:subfield code="b">(usage: ...A. Hircii; A. Hirtius Pansa)</mx:subfield></mx:datafield><mx:datafield ind1=" " ind2=" " tag="670"><mx:subfield code="a">Encyc. Brit., 15th ed.</mx:subfield><mx:subfield code="b">(Hirtius, Aulus; b. ca. 90 B.C.; d. 4/21/43 B.C.; Roman soldier and writer; almost certainly the author of Caesar's Commentaries, the 8th book of the Gallic War)</mx:subfield></mx:datafield><mx:datafield ind1=" " ind2=" " tag="670"><mx:subfield code="a">Smith, W. Classical dict. of Gk &amp; Roman biog., mythol. &amp; geog., 1894</mx:subfield><mx:subfield code="b">(Hirtius, A.; d. 4/27/43 B.C.)</mx:subfield></mx:datafield><mx:datafield ind1=" " ind2=" " tag="670"><mx:subfield code="a">LC data base, 12/17/84</mx:subfield><mx:subfield code="b">(hdg.: Hirtius, Aulus)</mx:subfield></mx:datafield><mx:datafield ind1=" " ind2=" " tag="670"><mx:subfield code="a">La lunga guerra civile, c2001:</mx:subfield><mx:subfield code="b">(Pseudo-Cesare)</mx:subfield></mx:datafield><mx:datafield ind1=" " ind2=" " tag="999"><mx:subfield code="a">43143.6870</mx:subfield></mx:datafield></mx:record>